@book{johndoe2100,
	AUTHOR="John Doe",
	TITLE="The Book without Title",
	PUBLISHER="Dummy Publisher",
	YEAR="2100",
}
@article{doejohn2500,
	AUTHOR="Doe John",
	TITLE="The Article without Title",
	PUBLISHER="Dummy Publisher",
	YEAR="2500",
}
